@Aarticle{tag,
    author = {А.И. БодренкоЪ,
    title = {НЕКОТОРЫЕ СВОЙСТВА ОПЕРАТОРОВ ЭЛЛИПТИЧЕСКОГО ТИПА},
    year = {2010},
    journal = {Вестник ВолГУ},
    volume = {Серия 1. Выпуск 13},
    number = {УДК 514.75 ББК 22.151},
    pages = {15-17},    
}

@Book{tag,
    author    = {А.А. КЛЯЧИН and А.Г. ЛОСЕВ and В.М. МИКЛЮКОВ},
    date      = {2009},
    title     = {МАТЕМАТИЧЕСКИЙ АНАЛИЗ В КРАТКОМ ИЗЛОЖЕНИИ},
    address   = {волгогард}
    pages     = {750},
    publisher = {ФЕДЕРАЛЬНОЕ АГЕНТСТВО ПО ОБРАЗОВАНИЮ ВОЛГОГРАДСКИЙ ГОСУДАРСТВЕННЫЙ УНИВЕРСИТЕТ}
}
