@article{tag_1,
    author = {А.И.Бодренко},
    title = {Некоторые свойства операторов элептического типа},
    year = {2010},
    journal = {Вестник ВолГУ},
    volume = {Серия 1. Выпуск 13},
    number = {УДК 514.75 ББК 22.151},
    pages = {15-17},    
}

@book{tag_2,
    author    = {А.А.Клячин and А.Г.Лосев and В.М.Миклюков},
    date      = {2009},
    title     = {Математический анализ в кратком изложение},
    address   = {волгогард},
    pages     = {750},
    publisher = {Федеральное агенство по образованию Волгоградский государственный университет}
}

